@misc{tauri2025,
  author = {{Tauri Project}},
  title = {Tauri - Build Smaller, Faster, and More Secure Desktop Applications
           with a Web Frontend},
  year = {2025},
  url = {https://v2.tauri.app/},
  note = {Accessed: 2025-05-10},
}
